@Online{scof,
  Title       = "JOSHUA D. NELSON,  Appellant, vs. vs. STATE OF FLORIDA,  Appellee.",
  Url         = "http://archive.law.fsu.edu/library/flsupct/89540/89540a.pdf",
  Urldate     = "2016-04-27",
  Organization= "Florida State College of Law"
}
